<?xml version="1.0" encoding="UTF-8"?><collection><record><leader>06225ntm a2200577 a 4500</leader><controlfield tag="001">006816067</controlfield><controlfield tag="003">MiAaHDL</controlfield><controlfield tag="005">20190719000000.0</controlfield><controlfield tag="006">m        d        </controlfield><controlfield tag="007">cr bn ---auaua</controlfield><controlfield tag="008">090611s1695    xx            00| ||per d</controlfield><datafield tag="035" ind1=" " ind2=" "><subfield code="a">(MiU)006816067</subfield></datafield><datafield tag="035" ind1=" " ind2=" "><subfield code="a">sdr-miu006816067</subfield></datafield><datafield tag="040" ind1=" " ind2=" "><subfield code="a">MiU</subfield><subfield code="c">MiU</subfield><subfield code="e">amremm</subfield></datafield><datafield tag="043" ind1=" " ind2=" "><subfield code="a">n-us-mi</subfield></datafield><datafield tag="100" ind1="1" ind2=" "><subfield code="6">880-01</subfield><subfield code="a">Ṣāʼib Tabrīzī, Muḥammad ʻAlī,</subfield><subfield code="d">-approximately 1670.</subfield></datafield><datafield tag="245" ind1="1" ind2="0"><subfield code="6">880-03</subfield><subfield code="a">[Dīvān-i Ṣāʼib,</subfield><subfield code="f">1106, i.e. 1695].</subfield></datafield><datafield tag="246" ind1="3" ind2=" "><subfield code="a">ديوان صائب</subfield></datafield><datafield tag="246" ind1="3" ind2=" "><subfield code="i">Title from illuminated headpiece at opening on p.2:</subfield><subfield code="a">قصاید صایب</subfield></datafield><datafield tag="260" ind1=" " ind2=" "><subfield code="c">[1695].</subfield></datafield><datafield tag="300" ind1=" " ind2=" "><subfield code="a">212 leaves :</subfield><subfield code="b">paper ;</subfield><subfield code="c">176 x 105 (117 x 55) mm.</subfield></datafield><datafield tag="500" ind1=" " ind2=" "><subfield code="a">Shelfmark: Ann Arbor, University of Michigan, Special Collections Library, Isl. Ms. 342</subfield></datafield><datafield tag="500" ind1=" " ind2=" "><subfield code="a">Origin: As appears in colophon on p.421, copied by Maqṣūd ʻAlī Shīrāzī with transcription completed in Dhū al-Ḥijjah 1106 [July-August 1695].</subfield></datafield><datafield tag="500" ind1=" " ind2=" "><subfield code="a">Former shelfmark: "123 T. D. M. [i.e. Tammaro De Marinis]" inscribed in pencil on verso of front flyleaf.</subfield></datafield><datafield tag="500" ind1=" " ind2=" "><subfield code="a">Binding: Pasteboards covered in dark brown leather (pebbled, in style of shagreen) with red-brown leather over edges / spine (possibly repairs or at least added later) ; Type III binding (without flap) ; doublures in dark red brown leather with central mandorla in gold-painted filigree appliqué (composition with two birds) over blue paper as well as pendants and gold-painted border ; outermost flyleaves in marbled paper (mainly blue and green) ; upper and lower covers carry stamped (with recessed onlays) and gold-painted mandorla (filled with vegetal composition having crane-like bird at center) and pendants, as well as tooled and gold-painted borders ; now sewn in white thread, two stations ; worked chevron endbands in pink and yellow, quite good condition ; overall in somewhat poor condition with upper cover fully detached at joint, lower cover almost fully detached at joint, much abrasion, some lifting and losses of leather (filigree, etc.) ; housed in box for protection.</subfield></datafield><datafield tag="500" ind1=" " ind2=" "><subfield code="a">Support: non-European (likely Persian) laid paper with 8 laid lines per cm. (horizontal) and no chain lines clearly visible, cloudy formation, well-burnished, thin and transluscent, crisp though sturdy ; in latter quires, another type with roughly 8 laid lines per cm. (vertical, more distinct, curved) and irregular chain lines in pairs (see p.222, etc.).</subfield></datafield><datafield tag="500" ind1=" " ind2=" "><subfield code="a">Decoration: Splendid illuminated headpiece (ʻunwān / sarlawḥ) at opening of qaṣāyid on p.2 consisting of large rectangular piece with gold cartouche carrying title in white ("قصاید صایب سلمه الله تعالى") surrounded by elegant vegetal composition in gold, orange-red, yellow, lavender, white, etc. on fields of lapis lazuli, red, and turquoise with white and black accents, surmounted by w-shaped piece filled with swirling vegetal composition in gold, orange-red, yellow, white, lavender, turquoise, etc. on fields of lapis lazuli and gold, all set in a well of blue, red and white ; incipit and facing page carry fine illuminated marginal decoration consisting of swirling vegetal compositionwith sāz leaves and floral motifs mainly in gold with lapis lazuli, red and turquoise accents ; text of incipit and facing page set off by gold cloud-bands ; written area (including columns within) throughout surrounded by gold frame defined by black and outermost blue fillets ; another splendid illuminated headpiece at opening of ghazalīyāt on p.16 (with written area, mounted in replacement leaf).</subfield></datafield><datafield tag="500" ind1=" " ind2=" "><subfield code="a">Script: Nastaʻlīq ; elegant hand ; serifless, with effect of words descending to baseline, closed counters, and elongated horizontal strokes.</subfield></datafield><datafield tag="500" ind1=" " ind2=" "><subfield code="a">Layout: Written in 14 lines per page, with written area mainly divided to two columns ; frame-ruled.</subfield></datafield><datafield tag="500" ind1=" " ind2=" "><subfield code="a">Collation: ii, IV-1 (7, opening leaf pasted down), 16 IV(135), III (141), 8 IV(205), IV-1 (212), ii ; chiefly quaternions ; catchwords present ; pagination in pencil, Western numerals, supplied during digitization (skips two pages between p.215-216).</subfield></datafield><datafield tag="500" ind1=" " ind2=" "><subfield code="a">Colophon: "Scribal," mainly in Arabic, reads "تمت الغزليات قدوة المتأخرين حضرت صايب الملقب به مستعد خان سلمه الله تعالى بتاريخ شهر ذي حجه الحرام سنه ۱۰۶ كتبه الفقير مقصود على شيرازى تم"</subfield></datafield><datafield tag="500" ind1=" " ind2=" "><subfield code="a">Incipit: "تا نگردیدست خورشید قیامت آشکار مشت آبی زن بروی خود ز چشم اشکبار..."</subfield></datafield><datafield tag="500" ind1=" " ind2=" "><subfield code="a">Title supplied by cataloguer.</subfield></datafield><datafield tag="500" ind1=" " ind2=" "><subfield code="a">Ms. codex.</subfield></datafield><datafield tag="510" ind1="4" ind2=" "><subfield code="a">Paul E. Losensky, “ṢĀʾEB TABRIZI,”</subfield><subfield code="c">Encyclopædia Iranica, online edition, 2003</subfield></datafield><datafield tag="510" ind1="4" ind2=" "><subfield code="a">Cat. Pers. MSS. Brit. Mus.,</subfield><subfield code="c">p. 693 f.</subfield></datafield><datafield tag="510" ind1="4" ind2=" "><subfield code="a">University of Michigan Library. Manuscripts &amp; papyri : an exhibition arranged for the XXVII International Congress of Orientalists, Ann Arbor, Michigan, August 13-19, 1967. (Ann Arbor, MI [?], 1967),</subfield><subfield code="c">no.34, p.9</subfield></datafield><datafield tag="520" ind1="8" ind2=" "><subfield code="a">Elegant copy of the collected poems (mainly qaṣīdahs and ghazals) of Mīrzā Muḥammad ʻAlī Ṣāʼib (d.1676?).</subfield></datafield><datafield tag="538" ind1=" " ind2=" "><subfield code="a">Mode of access: Internet.</subfield></datafield><datafield tag="541" ind1=" " ind2=" "><subfield code="c">Purchase ;</subfield><subfield code="a">Acquired by purchase (funds donated by Horace Rackham).</subfield><subfield code="d">1924.</subfield></datafield><datafield tag="546" ind1=" " ind2=" "><subfield code="a">Persian.</subfield></datafield><datafield tag="561" ind1=" " ind2=" "><subfield code="a">Book price on flyleaf / 'title page' (now affixed to each other, p.1) ; traces of former owners' marks under leaf now affixed over 'title page' (p.1) ; occasional interlinear and marginal glosses.</subfield></datafield><datafield tag="650" ind1=" " ind2="0"><subfield code="a">Manuscripts, Persian</subfield><subfield code="z">Michigan</subfield><subfield code="z">Ann Arbor.</subfield></datafield><datafield tag="650" ind1=" " ind2="0"><subfield code="a">Persian poetry</subfield><subfield code="y">1500-1796.</subfield></datafield><datafield tag="655" ind1=" " ind2="7"><subfield code="a">Headpieces (layout features)</subfield><subfield code="y">17th century.</subfield><subfield code="2">aat</subfield></datafield><datafield tag="700" ind1="0" ind2=" "><subfield code="a">Abdülhamid</subfield><subfield code="b">II,</subfield><subfield code="c">Sultan of the Turks,</subfield><subfield code="d">1842-1918,</subfield><subfield code="e">former owner.</subfield></datafield><datafield tag="700" ind1="0" ind2=" "><subfield code="6">880-05</subfield><subfield code="a">Maqṣūd ʻAlī Shīrāzī,</subfield><subfield code="d">fl. 1693,</subfield><subfield code="e">scribe.</subfield></datafield><datafield tag="773" ind1="0" ind2=" "><subfield code="a">Abdul Hamid Collection.</subfield></datafield><datafield tag="880" ind1="0" ind2=" "><subfield code="6">700-05/</subfield><subfield code="a">مقصود على شيرازى,</subfield><subfield code="e">ناسخ.</subfield></datafield><datafield tag="880" ind1="1" ind2="0"><subfield code="6">245-03/</subfield><subfield code="a">[دیوان صائب,</subfield><subfield code="f">1106ه, 1695م].</subfield></datafield><datafield tag="880" ind1="1" ind2=" "><subfield code="6">100-01/</subfield><subfield code="a">صائب تبريزى، محمد على.</subfield></datafield><datafield tag="CID" ind1=" " ind2=" "><subfield code="a">006816067</subfield></datafield><datafield tag="DAT" ind1="0" ind2=" "><subfield code="a">20190719102639.0</subfield><subfield code="b">20190719000000.0</subfield></datafield><datafield tag="DAT" ind1="1" ind2=" "><subfield code="a">20190719090653.0</subfield><subfield code="b">2019-07-19T16:11:43Z</subfield></datafield><datafield tag="DAT" ind1="2" ind2=" "><subfield code="a">2015-10-02T18:00:03Z</subfield></datafield><datafield tag="CAT" ind1=" " ind2=" "><subfield code="a">SDR-MIU</subfield><subfield code="d">EX LIBRIS - ALEPH</subfield><subfield code="l">prepare.pl-004-008</subfield></datafield><datafield tag="FMT" ind1=" " ind2=" "><subfield code="a">BK</subfield></datafield><datafield tag="HOL" ind1=" " ind2=" "><subfield code="0">sdr-miu006816067</subfield><subfield code="a">MiU</subfield><subfield code="b">SDR</subfield><subfield code="c">MIU</subfield><subfield code="p">mdp.39015079129626</subfield><subfield code="s">MIU</subfield><subfield code="1">006816067</subfield></datafield><datafield tag="974" ind1=" " ind2=" "><subfield code="b">MIU</subfield><subfield code="c">MIU</subfield><subfield code="d">20190719</subfield><subfield code="s">lit-dlps-dc</subfield><subfield code="u">mdp.39015079129626</subfield><subfield code="y">1695</subfield><subfield code="r">pd</subfield><subfield code="q">bib</subfield><subfield code="t">non-US bib date1 &lt; 1896</subfield></datafield></record></collection>